<?xml version="1.0" encoding="UTF-8"?><record xmlns="http://www.loc.gov/MARC21/slim" xmlns:cinclude="http://apache.org/cocoon/include/1.0" xmlns:zs="http://www.loc.gov/zing/srw/">
  <leader>00871cz  a2200193n  4500</leader>
  <controlfield tag="001">n 2009201962</controlfield>
  <controlfield tag="003">DLC</controlfield>
  <controlfield tag="005">20120818075416.0</controlfield>
  <controlfield tag="008">090807n| acannaabn          |a aaa      </controlfield>
  <datafield tag="010" ind1=" " ind2=" ">
    <subfield code="a">n 2009201962</subfield>
  </datafield>
  <datafield tag="040" ind1=" " ind2=" ">
    <subfield code="a">DLC</subfield>
    <subfield code="b">eng</subfield>
    <subfield code="c">DLC</subfield>
    <subfield code="d">DLC</subfield>
  </datafield>
  <datafield tag="100" ind1="0" ind2=" ">
    <subfield code="a">Jamaludin Hj. Ahmad,</subfield>
    <subfield code="c">Hj.</subfield>
  </datafield>
  <datafield tag="400" ind1="1" ind2=" ">
    <subfield code="a">Ahmad, Haji Jamaludin bin Haji</subfield>
  </datafield>
  <datafield tag="400" ind1="1" ind2=" ">
    <subfield code="a">Ahmad, Hj. Jamaludin Hj.</subfield>
  </datafield>
  <datafield tag="400" ind1="0" ind2=" ">
    <subfield code="a">Haji Jamaludin bin Haji Ahmad</subfield>
  </datafield>
  <datafield tag="400" ind1="0" ind2=" ">
    <subfield code="a">Jamaludin bin Haji Ahmad,</subfield>
    <subfield code="c">Haji</subfield>
  </datafield>
  <datafield tag="400" ind1="0" ind2=" ">
    <subfield code="a">Jamaludin Haji Ahmad,</subfield>
    <subfield code="c">Haji</subfield>
  </datafield>
  <datafield tag="667" ind1=" " ind2=" ">
    <subfield code="a">THIS 1XX FIELD CANNOT BE USED UNDER RDA UNTIL THIS RECORD HAS BEEN REVIEWED AND/OR UPDATED</subfield>
  </datafield>
  <datafield tag="670" ind1=" " ind2=" ">
    <subfield code="a">Salah guna dadah, 2009:</subfield>
    <subfield code="b">t.p. (Hj. Jamaludin Hj. Ahmad) cover p. 4 (Dr. Haji Jamaludin Haji Ahmad; lecturer, Jabatan Pend. Kaunselor dan Psikologi Kaunseling, Fak. Pengajian Pend., UPM; Ph.D. in educational counseling, UPM, 2002) p. x (Haji Jamaludin bin Haji Ahmad)</subfield>
  </datafield>
</record>